=LDR  02253pam a2200493 i 4500
=001  018429939
=003  Uk
=005  20180806104019.0
=008  161222s2017\\\\enka\\\\\b\\\\001\0\eng\d
=FMT  \\$a  BK
=010  \\$a  2016963273
=015  \\$aGBB7C3109$2bnb
=016  7\$a018429939$2Uk
=020  \\$a9780198807070 :$c£55.00$qhardback
=020  \\$a0198807074$qhardback
=035  \\$a(OCoLC)ocn974862464
=040  \\$aStDuBDS$beng$cStDuBDS$dUk$erda
=042  \\$aukblcatcopy
=050  00$aPR2364$b.B67 2017
=082  04$a821.309$223
=100  1\$aBorris, Kenneth,$eauthor.
=245  10$aVisionary Spenser and the poetics of early modern Platonism /$cKenneth Borris.
=250  \\$aFirst edition.
=264  \1$aOxford :$bOxford University Press,$c2017.
=300  \\$axv, 250 pages :$billustrations ;$c24 cm
=336  \\$atext$2rdacontent
=336  \\$astill image$2rdacontent
=337  \\$aunmediated$2rdamedia
=338  \\$avolume$2rdacarrier
=504  \\$aIncludes bibliographical references and index.
=520  8\$aPlatonic concerns and conceptions profoundly affected early modern English and continental poetics, yet the effects have had little attention. This book defines Platonism's role in early modern theories of literature, and then reappraises the major Platonizing poet Edmund Spenser. It makes important new contributions to the knowledge of early modern European poetics and advances our understanding of Spenser's role and significance in English literary history.
=500  \\$aFormerly CIP.$5Uk
=600  10$aSpenser, Edmund,$d1552?-1599$xCriticism and interpretation.
=650  \0$aPlatonists.
=856  41$uhttp://dx.doi.org/10.1093/oso/9780198807070.001.0001$yOxford Scholarship Online$zAvailable to Stanford-affiliated users.$xProvider: Oxford University Press$xpurchased$xeLoaderURL$xos4$xosEDZ0001712347
=852  41$aBritish Library$bHMNTS$jYC.2018.a.10832
=CAT  \\$aBATCH-CIPN$b00$c20170718$lBLL01$h1700
=CAT  \\$a6524$b40$c20171118$lBLL01$h0829
=CAT  \\$aBATCH-UPD$b40$c20180301$lBLL01$h2046
=CAT  \\$a8317$b40$c20180806$lBLL01$h1040
=CAT  \\$aBATCH-016$c20180808$lBLL01$h2238
=FIN  \\$aY$d20180806
=SRC  \\$aBLL02
=LAS  \\$aBATCH-016$b00$c20180808$lBLL01$h2238

