=LDR  03097pam a2200577 i 4500
=001  018578494
=003  Uk
=005  20181120133157.0
=008  180626t20182018enkab\\\\b\\\\001\0\eng\d
=FMT  \\$a  BK
=010  \\$a  2018286416
=015  \\$aGBB7K3127$2bnb
=016  7\$a018578494$2Uk
=020  \\$a9781107143562 (hbk.) :$c£90.00
=020  \\$z9781108548618 (PDF ebook) :$cNo price
=035  \\$a(OCoLC)on1005715597
=040  \\$aStDuBDS$beng$cStDuBDS$dUk$erda
=042  \\$aukblcatcopy
=050  00$aGN473$b.R5935 2018
=082  04$a203.8093$223
=245  00$aRitual, play and belief, in evolution and early human societies /$cedited by Colin Renfrew (University of Cambridge), Iain Morley (University of Oxford), Michael Boyd (University of Cambridge).
=264  \1$aCambridge :$bCambridge University Press,$c2018.
=264  \4$c©2018
=300  \\$axiii, 339 pages :$billustrations, maps ;$c29 cm
=336  \\$atext$2rdacontent
=336  \\$astill image$2rdacontent
=337  \\$aunmediated$2rdamedia
=338  \\$avolume$2rdacarrier
=530  \\$aAlso issued online.
=504  \\$aIncludes bibliographical references and index.
=520  8\$aThe origins of religion and ritual in humans have been the focus of centuries of thought in archaeology, anthropology, theology, evolutionary psychology and more. Play and ritual have many aspects in common, and ritual is a key component of the early cult practices that underlie the religious systems of the first complex societies in all parts of the world. This book examines the formative cults and the roots of religious practice from the earliest times until the development of early religion in the Near East, in China, in Peru, in Mesoamerica and beyond. Here, leading prehistorians and other specialists bring a fresh approach to the early practices that underlie the faiths and religions of the world. They demonstrate the profound role of play ritual and belief systems and offer powerful new insights into the emergence of early civilization.
=500  \\$aFormerly CIP.$5Uk
=650  \0$aRitual$xHistory.
=650  \0$aRites and ceremonies, Prehistoric.
=650  \0$aPlay$xHistory.
=650  \0$aPlay$xReligious aspects.
=650  \0$aPrehistoric peoples$xSocial life and customs.
=776  08$iebook version :$z9781108548618
=700  1\$aRenfrew, Colin,$d1937-$eeditor.
=700  1\$aMorley, Iain,$d1975-$eeditor.
=700  1\$aBoyd, Michael J.,$d1970-$eeditor.
=856  41$uhttps://stanford.idm.oclc.org/login?url=https://doi.org/10.1017/9781316534663$yCambridge Core$zAvailable to Stanford-affiliated users.$xProvider: Cambridge University Press$xpurchased$xeLoaderURL$xcb4$xcbCR9781316534663
=852  41$aBritish Library$bHMNTS$jYC.2018.b.3071
=CAT  \\$aBATCH-CIPN$b00$c20171031$lBLL01$h1700
=CAT  \\$aBATCH-CIPC$b00$c20171114$lBLL01$h1701
=CAT  \\$aBATCH-016$c20171115$lBLL01$h2153
=CAT  \\$a11012$b40$c20180608$lBLL01$h1040
=CAT  \\$a14710$b40$c20181120$lBLL01$h1331
=FIN  \\$aY$d20181120
=SRC  \\$aBLL02
=LAS  \\$a14710$b40$c20181120$lBLL01$h1331

