=LDR  03674 am a2200565 i 4500
=001  019182149
=003  Uk
=005  20190930104830.0
=008  190116t20182018dcuab\\\\b\\\\000\0\eng\d
=FMT  \\$a  BK
=010  \\$a  2018287218
=015  \\$aGBB9G3096$2bnb
=016  7\$a019182149$2Uk
=020  \\$a9781464812156$q(paperback)
=020  \\$a1464812152$q(paperback)
=020  \\$z9781464812163$qebook
=035  \\$a(OCoLC)on1007921840
=040  \\$aYDX$beng$cYDX$dOCLCO$dOCLCF$dSTF$dWAU$dDLC$dUk$erda
=042  \\$aukblcatcopy
=043  \\$aaz-----
=050  00$aHE269.3.A2$bW43 2018
=082  04$a388.0954$223
=245  04$aThe web of transport corridors in South Asia.
=264  \1$aWashington, DC :$bThe World Bank,$c[2018]
=264  \4$c©2018
=300  \\$axvii, 261 pages :$bcolor illustrations, color maps ;$c27 cm
=336  \\$atext$btxt$2rdacontent
=336  \\$astill image$bsti$2rdacontent
=337  \\$aunmediated$bn$2rdamedia
=338  \\$avolume$bnc$2rdacarrier
=500  \\$a"ADB, UKaid, Jica, World Bank Group."
=504  \\$aIncludes bibliographical references.
=505  0\$a1. Insights into Regional Integration from Three Historical Transport Corridors in South Asia -- 2. Insights into Regional Integration from Two Contemporary Transport Corridors in East Asia -- 3. Can Transport Corridor Projects Produce Wider Economic Benefits? Evidence from International Development Organizations -- 4. Learning from the Literature about the Estimated Wider Economic Benefits of Transport Corridors -- 5. Appraising Transport Corridors in Japan, Europe, and Thailand -- 6. An Illustrative Appraisal of Complementary Interventions to Enhance the Wider Economic Benefits of Transport Corridors.
=520  \\$aThis publication develops a holistic appraisal methodology to ensure that economic benefits of investments in transport corridors are amplified and more widely spread, and possible negative impacts such as congestion, environmental degradation, and other unintended consequences are minimized. It focuses on South Asia-- not only as one of the world's most populous and poorest regions-- but as a hinge between East Asia, Central Asia, the Middle East, and Europe. The book is aimed at politicians, technocrats, civil society organizations, and businesses. It presents case studies of past and recent corridor initiatives, provides rigorous analysis of the literature on the spatial impact of corridors, and offers assessments of corridor investment projects supported by international development organizations. A series of spotlights examines such issues as private sector co-investment; the impacts of corridors on small enterprises and women; and issues with implementing cross-border corridors.
=530  \\$aAlso issued online.
=650  \0$aTransportation$zSouth Asia.
=650  \7$aTransportation.$2fast$0(OCoLC)fst01155007
=651  \7$aSouth Asia.$2fast$0(OCoLC)fst01244520
=710  2\$aAsian Development Bank,$eissuing body.
=710  1\$aGreat Britain.$bDepartment for International Development,$eissuing body.
=710  2\$aKokusai Kyōryoku Kikō,$eissuing body.
=710  2\$aWorld Bank Group,$eissuing body.
=856  41$uhttp://elibrary.worldbank.org/doi/book/10.1596/978-1-4648-1215-6$yWorld Bank eLibrary$zAvailable to Stanford-affiliated users.$xProvider: World Bank$xsubscribed$xeLoaderURL$xwe4$xwe211215
=852  41$aBritish Library$bHMNTS$jOPC.2019.x.38
=CAT  \\$a11469$b40$c20181214$lBLL01$h1443
=CAT  \\$aBATCH-016$c20181219$lBLL01$h2155
=CAT  \\$a9657$b40$c20190930$lBLL01$h1048
=FIN  \\$aY$d20190930
=SRC  \\$aBLL02
=LAS  \\$a9657$b40$c20190930$lBLL01$h1048

