=LDR  02782 am a2200697 i 4500
=001  019197370
=003  Uk
=005  20191129221550.0
=008  190509t20182018dcuab\\\\b\\\\000\0\eng\d
=FMT  \\$a  BK
=010  \\$a  2019301049
=015  \\$aGBB9I3765$2bnb
=016  7\$a019197370$2Uk
=020  \\$a9781464812385$qpaperback
=020  \\$z9781464812392$qelectronic
=020  \\$a1464812381$q(paperback)
=035  \\$a(OCoLC)on1017576913
=040  \\$aYDX$beng$cYDX$dOCLCO$dSTF$dOCLCF$dYDX$dDLC$dUk$erda
=042  \\$aukblcatcopy
=043  \\$aa-bg---
=050  00$aHT169.B342$bD4344 2018
=082  04$a307.12095492$223
=100  10$aBird, Julia,$eauthor.
=245  10$aToward great Dhaka :$ba new urban development paradigm eastward /$cJulia Bird, Yue Li, Hossain Zillur Rahman, Martin Rama, and Anthony J. Venables.
=246  3\$aTowards great Dhaka
=264  \1$aWashington, DC :$bWorld Bank Group,$c[2018]
=264  \4$c©2018
=300  \\$axviii, 160 pages :$billustrations, maps ;$c26 cm.
=336  \\$atext$btxt$2rdacontent
=336  \\$astill image$bsti$2rdacontent
=336  \\$acartographic image$bcri$2rdacontent
=337  \\$aunmediated$bn$2rdamedia
=338  \\$avolume$bnc$2rdacarrier
=490  1\$aDirections in development. Countries and regions
=504  \\$aIncludes bibliographical references.
=530  \\$aAlso issued online.
=650  \0$aCity planning$zBangladesh$zDhaka.
=650  \0$aUrbanization$zBangladesh$zDhaka.
=651  \0$aDhaka (Bangladesh)$xEconomic conditions$y21st century.
=650  \0$aEconomic development$zBangladesh$zDhaka.
=650  \7$aCity planning.$2fast$0(OCoLC)fst00862177
=650  \7$aEconomic development.$2fast$0(OCoLC)fst00901785
=650  \7$aEconomic history.$2fast$0(OCoLC)fst00901974
=650  \7$aUrbanization.$2fast$0(OCoLC)fst01162722
=651  \7$aBangladesh$zDhaka.$2fast$0(OCoLC)fst01212101
=648  \7$a2000-2099$2fast
=690  7\$aSocial Welfare$2blcoll
=700  1\$aLi, Yue,$eauthor.
=700  1\$aRahman, Hossain Zillur,$d1951-$eauthor.
=700  1\$aRama, Martín,$d1956-$eauthor.
=700  1\$aVenables, Anthony,$eauthor.
=830  \0$aDirections in development (Washington, D.C.).$pCountries and regions.
=856  41$uhttp://elibrary.worldbank.org/doi/book/10.1596/978-1-4648-1238-5$yWorld Bank eLibrary$zAvailable to Stanford-affiliated users.$xProvider: World Bank$xsubscribed$xeLoaderURL$xwe4$xwe211238
=852  41$aBritish Library$bHMNTS$jOPC.2019.x.50
=CAT  \\$a11237$b40$c20190102$lBLL01$h0847
=CAT  \\$aBATCH-016$c20190102$lBLL01$h2144
=CAT  \\$a9657$b40$c20191111$lBLL01$h0924
=CAT  \\$aBATCH-SWP$c20191129$lBLL01$h2215
=FIN  \\$aY$d20191111
=SRC  \\$aBLL02
=LAS  \\$aBATCH-SWP$b00$c20191129$lBLL01$h2215

