=LDR  02530pam a2200637 i 4500
=001  018376942
=003  Uk
=005  20180710154214.0
=008  171220t20172017dcua\\\\\b\\\\000\0\eng\d
=FMT  \\$a  BK
=010  \\$a  2017448686
=015  \\$aGBB797483$2bnb
=016  7\$a018376942$2Uk
=020  \\$a9781464810527$qpaperback$c£24.95
=020  \\$z9781464810534$qelectronic
=035  \\$a(OCoLC)ocn985078668
=040  \\$aStDuBDS$beng$cStDuBDS$dUk$erda
=042  \\$aukblcatcopy
=043  \\$aa-ce---
=050  00$aLA1148.7$b.D86 2017
=082  04$a370.95493$223
=100  10$aDundar, Halil,$eauthor.
=245  10$aSri Lanka education sector assessment :$bachievements, challenges, and policy options /$cHalil Dundar, Benoît Millot, Michelle Riboud, Mari Shojo, Harsha Aturupane, Sangeeta Goyal, and Dhushyanth Raju.
=264  \1$aWashington, DC :$bWorld Bank Group,$c[2017]
=264  \4$c©2017
=300  \\$axxi, 207 pages :$billustrations ;$c26 cm.
=336  \\$atext$2rdacontent
=337  \\$aunmediated$2rdamedia
=338  \\$avolume$2rdacarrier
=490  1\$aDirections in development, human development
=504  \\$aIncludes bibliographical references.
=500  \\$aFormerly CIP.$5Uk
=650  \0$aEducation$zSri Lanka.
=650  \0$aSchool enrollment$zSri Lanka.
=650  \0$aEducation and state$zSri Lanka.
=650  \0$aEducational change$zSri Lanka.
=650  \7$aEducation.$2fast$0(OCoLC)fst00902499
=650  \7$aEducation and state.$2fast$0(OCoLC)fst00902835
=650  \7$aEducational change.$2fast$0(OCoLC)fst00903371
=650  \7$aSchool enrollment.$2fast$0(OCoLC)fst01107370
=651  \7$aSri Lanka.$2fast$0(OCoLC)fst01208730
=700  1\$aMillot, Benoît,$eauthor.
=700  1\$aRiboud, Michelle,$eauthor.
=700  1\$aShojo, Mari,$eauthor.
=700  1\$aAturupane, Harsha,$eauthor.
=700  1\$aGoyal, Sangeeta$c(Economist),$eauthor.
=700  1\$aRaju Dhushyanth,$eauthor.
=830  \0$aDirections in development (Washington, D.C.).$pHuman development.
=856  41$uhttp://elibrary.worldbank.org/doi/book/10.1596/978-1-4648-1052-7$yWorld Bank eLibrary$zAvailable to Stanford-affiliated users.$xProvider: World Bank$xsubscribed$xeLoaderURL$xwe4$xwe211052
=852  41$aBritish Library$bHMNTS$jOPC.2018.x.52
=CAT  \\$aBATCH-CIPN$b00$c20170613$lBLL01$h1700
=CAT  \\$a11168$b40$c20171006$lBLL01$h0920
=CAT  \\$a14710$b40$c20180710$lBLL01$h1542
=FIN  \\$aY$d20180710
=SRC  \\$aBLL02
=LAS  \\$a14710$b40$c20180710$lBLL01$h1542

