=LDR  03506pam a2200589 i 4500
=001  018395136
=003  Uk
=005  20180716123409.0
=008  170125s2017\\\\enkb\\\\\b\\\\001\0\eng\c
=FMT  \\$a  BK
=010  \\$a  2017932097
=015  \\$aGBB7A6774$2bnb
=016  7\$a018395136$2Uk
=020  \\$a9780198805199 (hbk.) :$c£65.00
=020  \\$a0198805195$q(hardcover)
=035  \\$a(OCoLC)ocn970616216
=040  \\$aStDuBDS$beng$cStDuBDS$dUk$erda
=042  \\$aukblcatcopy
=043  \\$ae------
=050  00$aD511$b.M5845 2017
=082  00$a940.341$223
=100  1\$aMorgan-Owen, David G.,$eauthor.
=245  14$aThe fear of invasion :$bstrategy, politics, and British war planning, 1880-1914 /$cDavid G. Morgan-Owen.
=250  \\$aFirst edition.
=264  \1$aOxford :$bOxford University Press,$c2017.
=300  \\$avi, 250 pages :$b1 map (black and white) ;$c24 cm
=336  \\$atext$2rdacontent
=337  \\$aunmediated$2rdamedia
=338  \\$avolume$2rdacarrier
=504  \\$aIncludes bibliographical references (pages 235-245) and index.
=520  \\$a"The Fear of Invasion presents a new interpretation of British preparation for War before 1914. It argues that protecting the British Isles from invasion was the foundation upon which all other plans for the defence of the Empire were built up. Home defence determined the amount of resources available for other tasks and the relative focus of the Army and Navy, as both played an important role in preventing an invasion. As politicians were reluctant to prepare for offensive British participation in a future war, home defence became the means by which the government contributed to an ill-defined British 'grand' strategy. The Royal Navy formed the backbone of British defensive preparations. However, after 1905 the Navy came to view the threat of a German invasion of the British Isles as a far more credible threat than is commonly realised. As the Army became more closely associated with operations in France, the Navy thus devoted an ever-greater amount of time and effort to safeguarding the vulnerable east coast. In this manner preventing an invasion came to exert a 'very insidious' effect on the Navy by the outbreak of War in 1914. This book explains how and why this came to pass, and what it can tell us about the role of government in forming strategy."--$cProvided by publisher.
=500  \\$aFormerly CIP.$5Uk
=650  \0$aWorld War, 1914-1918$xCauses.
=651  \0$aEurope$xHistory$y1871-1918.
=651  \0$aEurope$xMilitary policy.
=650  \7$aHISTORY / Europe / Western.$2bisacsh
=611  27$aWorld War (1914-1918)$2fast$0(OCoLC)fst01180746
=650  \7$aMilitary policy.$2fast$0(OCoLC)fst01021386
=650  \7$aWar$xCauses.$2fast$0(OCoLC)fst01170331
=651  \7$aEurope.$2fast$0(OCoLC)fst01245064
=648  \7$a1871-1918$2fast
=655  \7$aHistory.$2fast$0(OCoLC)fst01411628
=650  \7$aWarfare and Defence.$2ukslc
=856  41$uhttp://dx.doi.org/10.1093/oso/9780198805199.001.0001$yOxford Scholarship Online$zAvailable to Stanford-affiliated users.$xProvider: Oxford University Press$xpurchased$xeLoaderURL$xos4$xosEDZ0001693884
=852  41$aBritish Library$bHMNTS$jYC.2018.a.9967
=CAT  \\$aBATCH-CIPN$b00$c20170627$lBLL01$h1700
=CAT  \\$a6923$b40$c20171012$lBLL01$h1313
=CAT  \\$a8317$b40$c20180716$lBLL01$h1232
=CAT  \\$a8317$b40$c20180716$lBLL01$h1234
=FIN  \\$aY$d20180716
=SRC  \\$aBLL02
=LAS  \\$a8317$b40$c20180716$lBLL01$h1234

