=LDR  02270pam a2200541 i 4500
=001  018437756
=003  Uk
=005  20210513092217.0
=008  171214t20172017nyuaf\\\\b\\\\001\0\eng\c
=FMT  \\$a  BK
=010  \\$a  2017285455
=015  \\$aGBB7C7825$2bnb
=016  7\$a018437756$2Uk
=020  \\$a9780190272296 (hardback) :$c£41.99
=020  \\$a0190272295 (hardback) :$c£41.99
=035  \\$a(OCoLC)ocn973920986
=040  \\$aStDuBDS$beng$cStDuBDS$dUk$erda
=042  \\$aukblcatcopy
=043  \\$ae-it---
=050  00$aPQ4608$b.W55 2017
=082  04$a270.092$223
=100  1\$aWilliams, Gareth D.,$eauthor.
=245  10$aPietro Bembo on Etna :$bthe ascent of a Venetian humanist /$cGareth D. Williams.
=264  \1$aNew York, NY :$bOxford University Press,$c[2017]
=264  \4$c©2017
=300  \\$axiv, 416 pages, 16 unnumbered pages of plates :$billustrations (black and white, and colour) ;$c25 cm
=336  \\$atext$2rdacontent
=336  \\$astill image$2rdacontent
=337  \\$aunmediated$2rdamedia
=338  \\$avolume$2rdacarrier
=504  \\$aIncludes bibliographical references (pages 355-393) and indexes.
=500  \\$aFormerly CIP.$5Uk
=600  10$aBembo, Pietro,$d1470-1547$xCriticism and interpretation.
=600  10$aBembo, Pietro,$d1470-1547.$tDe Aetna.
=651  \0$aEtna, Mount (Italy)
=600  17$aBembo, Pietro,$d1470-1547$2fast$0(OCoLC)fst00019466
=630  07$aDe Aetna (Bembo, Pietro)$2fast$0(OCoLC)fst01400467
=651  \7$aItaly$zMount Etna.$2fast$0(OCoLC)fst01333936
=655  \7$aCriticism, interpretation, etc.$2fast$0(OCoLC)fst01411635
=776  08$iOnline version:$aWilliams, Gareth D.$tView from Etna.$w(OCoLC)980250497$dOxford : Oxford University Press, c2017$z9780190272302
=856  41$uhttp://dx.doi.org/10.1093/acprof:oso/9780190272296.001.0001$yOxford Scholarship Online$zAvailable to Stanford-affiliated users.$xProvider: Oxford University Press$xpurchased$xeLoaderURL$xos4$xosEDZ0001711868
=852  41$aBritish Library$bHMNTS$jYC.2021.a.1059
=CAT  \\$aBATCH-CIPN$b00$c20170725$lBLL01$h1700
=CAT  \\$a11373$b40$c20200305$lBLL01$h1339
=CAT  \\$a14710$b40$c20210513$lBLL01$h0922
=FIN  \\$aY$d20210513
=SRC  \\$aBLL02
=LAS  \\$a14710$b40$c20210513$lBLL01$h0922

