=LDR  02391pam a2200709 i 4500
=001  018446592
=003  Uk
=005  20180914143440.0
=008  170427t20172017enk\\\\\\b\\\\001\0\eng\d
=FMT  \\$a  BK
=010  \\$a  2017941207
=015  \\$aGBB7D2324$2bnb
=016  7\$a018446592$2Uk
=020  \\$a9780198807865$qhardback$c£55.00
=020  \\$a0198807864$qhardback$c£55.00
=035  \\$a(OCoLC)ocn982093060
=040  \\$aStDuBDS$beng$cStDuBDS$dUk$erda
=042  \\$aukblcatcopy
=043  \\$aa-bg---
=050  00$aK3171$b.B45 2017
=082  04$a340.11$223
=100  1\$aBerger, Tobias,$eauthor.
=245  10$aGlobal norms and local courts :$btranslating 'the rule of law' in Bangladesh /$cTobias Berger.
=250  \\$aFirst edition.
=264  \1$aOxford :$bOxford University Press,$c2017.
=264  \4$c©2017
=300  \\$ax, 196 pages ;$c24 cm
=336  \\$atext$2rdacontent
=337  \\$aunmediated$2rdamedia
=338  \\$avolume$2rdacarrier
=504  \\$aIncludes bibliographical references and index.
=500  \\$aFormerly CIP.$5Uk
=650  \0$aRule of law.
=650  \0$aRule of law$zBangladesh.
=651  \0$aBangladesh.
=650  \7$aPolitische Wissenschaft.$2gnd
=650  \7$aKonfliktbewältigung.$2gnd
=650  \7$aLändlicher Raum.$2gnd
=650  \7$aDorfgemeinschaft.$2gnd
=650  \7$aGewohnheitsrecht.$2gnd
=650  \7$aKulturerbe.$2gnd
=650  \7$aÄltestenrat.$2gnd
=650  \7$aGlobalisierung.$2gnd
=650  \7$aEntwicklungsprojekt.$2gnd
=650  \7$aNichtstaatliche Organisation.$2gnd
=650  \7$aRechtsanwendung.$2gnd
=650  \7$aIslam.$2gnd
=650  \7$aStrafrecht.$2gnd
=650  \7$aPluralismus.$2gnd
=650  \7$aVölkerrecht.$2gnd
=650  \7$aMenschenrecht.$2gnd
=650  \7$aAnpassung.$2gnd
=651  \7$aBangladesch.$2gnd
=651  \7$aDistrikt Chittagong.$2gnd
=856  41$uhttp://dx.doi.org/10.1093/oso/9780198807865.001.0001$yOxford Scholarship Online$zAvailable to Stanford-affiliated users.$xProvider: Oxford University Press$xpurchased$xeLoaderURL$xos4$xosEDZ0001758653
=852  41$aBritish Library$bHMNTS$jYC.2018.a.12627
=CAT  \\$aBATCH-CIPN$b00$c20170801$lBLL01$h1700
=CAT  \\$a8337$b40$c20180123$lBLL01$h1610
=CAT  \\$a14710$b40$c20180914$lBLL01$h1434
=FIN  \\$aY$d20180914
=SRC  \\$aBLL02
=LAS  \\$a14710$b40$c20180914$lBLL01$h1434

